<record xmlns="http://www.loc.gov/MARC21/slim" xmlns:xsi="http://www.w3.org/2001/XMLSchema-instance" xsi:schemaLocation="http://www.loc.gov/MARC21/slim http://www.loc.gov/standards/marcxml/schema/MARC21slim.xsd"><leader>00496nz   2200133n  4500</leader><controlfield tag="001">oca03853875 </controlfield><controlfield tag="005">19950609052551.5</controlfield><controlfield tag="008">950606n| acannaab|          |n aaa     c</controlfield><datafield ind1=" " ind2=" " tag="010"><subfield code="a">nr 95020967 </subfield></datafield><datafield ind1=" " ind2=" " tag="040"><subfield code="a">NNC</subfield><subfield code="c">NNC</subfield></datafield><datafield ind1="0" ind2=" " tag="100"><subfield code="a">Pompilius,</subfield><subfield code="d">fl. 100 B.C.</subfield></datafield><datafield ind1=" " ind2=" " tag="670"><subfield code="a">The works of Pompilius [CF] 1991:</subfield><subfield code="b">PHI CD ROM #5.3, Latin Canon, bibliographic screen (Pompilius)</subfield></datafield><datafield ind1=" " ind2=" " tag="670"><subfield code="a">Oxford class. dict., 1st ed.:</subfield><subfield code="b">p. 715 (Pompilius (c. 100 B.C.), epigrammatist quoted by Varo)</subfield></datafield><datafield ind1=" " ind2=" " tag="675"><subfield code="a">NUC pre-56;</subfield><subfield code="a">Pauly-Wissowa.</subfield></datafield></record>